<record><leader>00000cas a22000007a 4500</leader><controlfield tag="001">19380271</controlfield><controlfield tag="008">890317d19641966mduer ne      0    0eng d</controlfield><datafield ind1=" " ind2=" " tag="010"><subfield code="a">sn 88065755 </subfield></datafield><datafield ind1=" " ind2=" " tag="040"><subfield code="a">MFN</subfield><subfield code="b">eng</subfield><subfield code="c">MFN</subfield><subfield code="d">OCLCQ</subfield></datafield><datafield ind1=" " ind2=" " tag="042"><subfield code="a">msc</subfield></datafield><datafield ind1=" " ind2="4" tag="050"><subfield code="a">AN41.641.D3</subfield><subfield code="b">C6</subfield></datafield><datafield ind1="0" ind2=" " tag="130"><subfield code="a">Damascus courier (Damascus, Md.)</subfield></datafield><datafield ind1="1" ind2="4" tag="245"><subfield code="a">The Damascus courier.</subfield></datafield><datafield ind1=" " ind2=" " tag="260"><subfield code="a">Damascus, Md. :</subfield><subfield code="b">Courier Pub. Co.</subfield></datafield><datafield ind1=" " ind2=" " tag="300"><subfield code="a">v.</subfield></datafield><datafield ind1=" " ind2=" " tag="310"><subfield code="a">Biweekly</subfield></datafield><datafield ind1="0" ind2=" " tag="362"><subfield code="a">Vol. 1, no. 1 (Oct. 8, 1964)-</subfield></datafield><datafield ind1="1" ind2=" " tag="362"><subfield code="a">Ceased in 1966.</subfield></datafield><datafield ind1=" " ind2=" " tag="752"><subfield code="a">United States</subfield><subfield code="b">Maryland</subfield><subfield code="c">Montgomery</subfield><subfield code="d">Damascus.</subfield></datafield><datafield ind1="0" ind2="0" tag="785"><subfield code="t">Damascus &amp; Clarksburg courier</subfield><subfield code="w">(DLC)sn 88065756</subfield></datafield></record>